@ARTICLE{1908AnHar..60...87L,
       author = {{Leavitt}, Henrietta S.},
        title = "{1777 variables in the Magellanic Clouds}",
      journal = {Annals of Harvard College Observatory},
         year = "1908",
        month = "Jan",
       volume = {60},
        pages = {87-108.3},
       adsurl = {https://ui.adsabs.harvard.edu/abs/1908AnHar..60...87L},
      adsnote = {Provided by the SAO/NASA Astrophysics Data System}
}

