@ARTICLE{integerLatticeDynamics,
      author         = "Mocz, Philip and Succi, Sauro",
      title          = "{Integer lattice dynamics for Vlasov–Poisson}",
      journal        = "Mon. Not. Roy. Astron. Soc.",
      volume         = "465",
      year           = "2017",
      number         = "3",
      pages          = "3154-3162",
      doi            = "10.1093/mnras/stw2928",
      eprint         = "1611.02757",
      archivePrefix  = "arXiv",
      primaryClass   = "astro-ph.GA",
      SLACcitation   = "%%CITATION = ARXIV:1611.02757;%%"
}

@article{beyondColl,
      author         = "Tulin, Sean and Yu, Hai-Bo and Zurek, Kathryn M.",
      title          = "{Beyond Collisionless Dark Matter: Particle Physics
                        Dynamics for Dark Matter Halo Structure}",
      journal        = "Phys. Rev.",
      volume         = "D87",
      year           = "2013",
      number         = "11",
      pages          = "115007",
      doi            = "10.1103/PhysRevD.87.115007",
      eprint         = "1302.3898",
      archivePrefix  = "arXiv",
      primaryClass   = "hep-ph",
      SLACcitation   = "%%CITATION = ARXIV:1302.3898;%%"
}

@thesis{franco,
  author       = {Sebastián Franco Ulloa}, 
  title        = {Simulaciones de un fluido débilmente auto-interactuante con métodos de Lattice-Boltzmann},
  school       = {Universidad de los Andes},
  year         = 2017,
  month        = 5,
}

@article{planckCitetion,
      author         = "Ade, P. A. R. and others",
      title          = "{Planck 2013 results. I. Overview of products and
                        scientific results}",
      collaboration  = "Planck",
      journal        = "Astron. Astrophys.",
      volume         = "571",
      year           = "2014",
      pages          = "A1",
      doi            = "10.1051/0004-6361/201321529",
      eprint         = "1303.5062",
      archivePrefix  = "arXiv",
      primaryClass   = "astro-ph.CO",
      reportNumber   = "CERN-PH-TH-2013-115",
      SLACcitation   = "%%CITATION = ARXIV:1303.5062;%%"
}

@article{aHistory,
      author         = "Bertone, Gianfranco and Hooper, Dan",
      title          = "{A History of Dark Matter}",
      journal        = "Submitted to: Rev. Mod. Phys.",
      year           = "2016",
      eprint         = "1605.04909",
      archivePrefix  = "arXiv",
      primaryClass   = "astro-ph.CO",
      reportNumber   = "FERMILAB-PUB-16-157-A",
      SLACcitation   = "%%CITATION = ARXIV:1605.04909;%%"
}

@inproceedings{mariangela,
      author         = "Lisanti, Mariangela",
      title          = "{Lectures on Dark Matter Physics}",
      booktitle      = "{Proceedings, Theoretical Advanced Study Institute in
                        Elementary Particle Physics: New Frontiers in Fields and
                        Strings (TASI 2015): Boulder, CO, USA, June 1-26, 2015}",
      year           = "2017",
      url            = "https://inspirehep.net/record/1427360/files/arXiv:1603.03797.pdf",
      pages          = "399-446",
      doi            = "10.1142/9789813149441_0007",
      eprint         = "1603.03797",
      archivePrefix  = "arXiv",
      primaryClass   = "hep-ph",
      SLACcitation   = "%%CITATION = ARXIV:1603.03797;%%"
}

@ARTICLE{cosmic1991,
   author = {{Gondolo}, P. and {Gelmini}, G.},
    title = "{Cosmic abundances of stable particles: improved analysis.}",
  journal = {Nuclear Physics B},
     year = 1991,
    month = aug,
   volume = 360,
    pages = {145-179},
      doi = {10.1016/0550-3213(91)90438-4},
   adsurl = {http://adsabs.harvard.edu/abs/1991NuPhB.360..145G},
  adsnote = {Provided by the SAO/NASA Astrophysics Data System}
}

@unknown{textLatBoltzmann,
author = {Jian Guo Zhou, Dr},
year = {2004},
month = {01},
pages = {19-33},
title = {Lattice Boltzmann Method},
isbn = {978-3-642-07393-9}
}


@INPROCEEDINGS{IRAFinThe90,
   author = {{Tody}, D.},
    title = "{IRAF in the Nineties}",
booktitle = {Astronomical Data Analysis Software and Systems II},
     year = 1993,
   series = {Astronomical Society of the Pacific Conference Series},
   volume = 52,
   editor = {{Hanisch}, R.~J. and {Brissenden}, R.~J.~V. and {Barnes}, J.
	},
    month = jan,
    pages = {173},
   adsurl = {http://adsabs.harvard.edu/abs/1993ASPC...52..173T},
  adsnote = {Provided by the SAO/NASA Astrophysics Data System}
}


@INPROCEEDINGS{IRAFinThe80,
   author = {{Tody}, D.},
    title = "{The IRAF Data Reduction and Analysis System}",
booktitle = {Instrumentation in astronomy VI},
     year = 1986,
   volume = 627,
   editor = {{Crawford}, D.~L.},
    month = jan,
    pages = {733},
      doi = {10.1117/12.968154},
   adsurl = {http://adsabs.harvard.edu/abs/1986SPIE..627..733T},
  adsnote = {Provided by the SAO/NASA Astrophysics Data System}
}

@misc{OhioTutorial,
  title = {IRAF Setup on Ubuntu/Debian Linux},
  howpublished = {\url{http://www.astronomy.ohio-state.edu/~khan/iraf/iraf_step_by_step_installation_64bit}},
  note = {Accessed: 2018-09-06}
}

@misc{ds9,
  title = {The Story of SAOImageDS9:  How DS9 got its name},
  howpublished = {\url{http://ds9.si.edu/doc/story.html}},
  note = {Accessed: 2018-09-06}
}
@book{handbookCCD,
        resid = {70229},
        status =    {OK},
        title =      {Handbook of CCD Astronomy},
        author =      {Steve B. Howell},
        size =    {2870724},
        type =   {pdf},
        isbn = {},
        edition = {},
        volume =    {},
        md5 = {3da4a63f6df714c117c0319dd5959e80},
        url =       {}
    }
