@ARTICLE{2002AJ....123..789P,
   author = {Pietrzynski, G. and Gieren, W. and Fouque, P. and 
	Pont, F.},
    title = "{The ARAUCARIA Project: Discovery of Cepheid Variables in NGC 300 from a Wide-Field Imaging Survey}",
  journal = {\aj},
 keywords = {Stars: Variables: Cepheids, Galaxies: Distances and Redshifts, Galaxies: Individual: NGC Number: NGC 300, Galaxies: Stellar Content},
     year = 2002,
    month = feb,
   volume = 123,
    pages = {789-812},
      doi = {10.1086/338645},
   adsurl = {https://ui.adsabs.harvard.edu/abs/2002AJ....123..789P},
  adsnote = {Provided by the SAO/NASA Astrophysics Data System}
}
