@online{doppler,
  author = {Michael Richmond},
  title = {Using spectra to derive motions },
  url = {http://spiff.rit.edu/classes/phys301/lectures/doppler/doppler.html},
  urldate = {2019-02-20}
}

@online{proyeccion,
  author = {RJHall},
  title = {Stellar rotation},
  url = {https://en.wikipedia.org/wiki/File:V_sin_i.png#/media/File:V_sin_i.png},
  urldate = {2019-02-20}
}

@ARTICLE{Slettebak,
   author = {{Slettebak}, A. and {Collins}, II, G.~W. and {Boyce}, P.~B. and 
	{White}, N.~M. and {Parkinson}, T.~D.},
    title = "{A system of standard stars for rotational velocity determinations}",
  journal = {\apjs},
 keywords = {Angular Velocity, Line Spectra, Reference Stars, Stellar Rotation, Stellar Spectra, Astronomical Models, Atmospheric Models, F Stars, Radiant Flux Density, Rotational Spectra, Spectral Line Width, Standards},
     year = 1975,
    month = may,
   volume = 29,
    pages = {137-159},
      doi = {10.1086/190338},
   adsurl = {http://adsabs.harvard.edu/abs/1975ApJS...29..137S},
  adsnote = {Provided by the SAO/NASA Astrophysics Data System}
}

@ARTICLE{rotOfB,
   author = {{Abt}, H.~A. and {Levato}, H. and {Grosso}, M.},
    title = "{Rotational Velocities of B Stars}",
  journal = {\apj},
 keywords = {Stars: Binaries: Spectroscopic, Diffusion, Stars: Early-Type, Stars: Peculiar, Stars: Rotation},
     year = 2002,
    month = jul,
   volume = 573,
    pages = {359-365},
      doi = {10.1086/340590},
   adsurl = {http://adsabs.harvard.edu/abs/2002ApJ...573..359A},
  adsnote = {Provided by the SAO/NASA Astrophysics Data System}
}

@ARTICLE{syntetic,
   author = {{Daflon}, S. and {Cunha}, K. and {de Ara{\'u}jo}, F.~X. and 
	{Wolff}, S. and {Przybilla}, N.},
    title = "{The Projected Rotational Velocity Distribution of a Sample of OB stars from a Calibration Based on Synthetic He I Lines}",
  journal = {\aj},
archivePrefix = "arXiv",
   eprint = {0707.3934},
 keywords = {line: profiles, stars: early-type, stars: rotation},
     year = 2007,
    month = oct,
   volume = 134,
    pages = {1570-1578},
      doi = {10.1086/521707},
   adsurl = {http://adsabs.harvard.edu/abs/2007AJ....134.1570D},
  adsnote = {Provided by the SAO/NASA Astrophysics Data System}
}

@INPROCEEDINGS{2004IAUS..224..109R,
   author = {{Royer}, F. and {Zorec}, J. and {G{\'o}mez}, A.~E.},
    title = "{Rotational velocity distributions of A-type stars}",
 keywords = {Stars: early-type, stars: rotation},
booktitle = {The A-Star Puzzle},
     year = 2004,
   series = {IAU Symposium},
   volume = 224,
   editor = {{Zverko}, J. and {Ziznovsky}, J. and {Adelman}, S.~J. and {Weiss}, W.~W.
	},
    month = dec,
    pages = {109-114},
      doi = {10.1017/S1743921304004442},
   adsurl = {http://adsabs.harvard.edu/abs/2004IAUS..224..109R},
  adsnote = {Provided by the SAO/NASA Astrophysics Data System}
}

@book{book:75350,
   title =     {An introduction to modern astrophysics},
   author =    {Carroll B.W., Ostlie D.A.},
   publisher = {},
   isbn =      {9780321442840},
   year =      {2007},
   series =    {},
   edition =   {2ed., Pearson},
   volume =    {},
}

@book{book:590711,
   title =     {An Introduction to Stellar Astrophysics},
   author =    {Francis LeBlanc},
   publisher = {},
   isbn =      {9780470699560},
   year =      {2010},
   series =    {},
   edition =   {1},
   volume =    {},
}


@ARTICLE{Przybilla,
   author = {{Przybilla}, N.},
    title = "{Non-LTE modelling of the He I 10830 {\AA} line in early-type main sequence stars}",
  journal = {\aap},
   eprint = {astro-ph/0508068},
 keywords = {line: formation, infrared: stars, stars: early-type},
     year = 2005,
    month = nov,
   volume = 443,
    pages = {293-296},
      doi = {10.1051/0004-6361:20053412},
   adsurl = {http://adsabs.harvard.edu/abs/2005A%26A...443..293P},
  adsnote = {Provided by the SAO/NASA Astrophysics Data System}
}

@ARTICLE{flux4Hubble,
   author = {{Stone}, R.~P.~S.},
    title = "{Spectrophotometry of Flux Calibration Stars for Hubble Space Telescope}",
  journal = {\apjs},
 keywords = {TECHNIQUES: PHOTOMETRIC},
     year = 1996,
    month = nov,
   volume = 107,
    pages = {423},
      doi = {10.1086/192369},
   adsurl = {http://adsabs.harvard.edu/abs/1996ApJS..107..423S},
  adsnote = {Provided by the SAO/NASA Astrophysics Data System}
}




}


